% Information retrieval

@inproceedings{guo2016deep,
  title={A deep relevance matching model for ad-hoc retrieval},
  author={Guo, Jiafeng and Fan, Yixing and Ai, Qingyao and Croft, W Bruce},
  booktitle={Proceedings of the 25th ACM International on Conference on Information and Knowledge Management},
  pages={55--64},
  year={2016}
}

@inproceedings{zamani2018neural,
  title={From neural re-ranking to neural ranking: Learning a sparse representation for inverted indexing},
  author={Zamani, Hamed and Dehghani, Mostafa and Croft, W Bruce and Learned-Miller, Erik and Kamps, Jaap},
  booktitle={Proceedings of the 27th ACM international conference on information and knowledge management},
  pages={497--506},
  year={2018}
}

@inproceedings{macavaney2019cedr,
  title={CEDR: Contextualized embeddings for document ranking},
  author={MacAvaney, Sean and Yates, Andrew and Cohan, Arman and Goharian, Nazli},
  booktitle={Proceedings of the 42nd International ACM SIGIR Conference on Research and Development in Information Retrieval},
  pages={1101--1104},
  year={2019}
}

% Question answering

@inproceedings{dong2015question,
  title={Question answering over freebase with multi-column convolutional neural networks},
  author={Dong, Li and Wei, Furu and Zhou, Ming and Xu, Ke},
  booktitle={Proceedings of the 53rd Annual Meeting of the Association for Computational Linguistics and the 7th International Joint Conference on Natural Language Processing (Volume 1: Long Papers)},
  pages={260--269},
  year={2015}
}

@inproceedings{santoro2017simple,
  title={A simple neural network module for relational reasoning},
  author={Santoro, Adam and Raposo, David and Barrett, David G and Malinowski, Mateusz and Pascanu, Razvan and Battaglia, Peter and Lillicrap, Timothy},
  booktitle={Advances in neural information processing systems},
  pages={4967--4976},
  year={2017}
}

% Machine translation

@article{cho2014learning,
  title={Learning phrase representations using RNN encoder-decoder for statistical machine translation},
  author={Cho, Kyunghyun and Van Merri{\"e}nboer, Bart and Gulcehre, Caglar and Bahdanau, Dzmitry and Bougares, Fethi and Schwenk, Holger and Bengio, Yoshua},
  journal={arXiv preprint arXiv:1406.1078},
  year={2014}
}

@inproceedings{sutskever2014sequence,
  title={Sequence to sequence learning with neural networks},
  author={Sutskever, Ilya and Vinyals, Oriol and Le, Quoc V},
  booktitle={Advances in neural information processing systems},
  pages={3104--3112},
  year={2014}
}

@article{wu2016google,
  title={Google's neural machine translation system: Bridging the gap between human and machine translation},
  author={Wu, Yonghui and Schuster, Mike and Chen, Zhifeng and Le, Quoc V and Norouzi, Mohammad and Macherey, Wolfgang and Krikun, Maxim and Cao, Yuan and Gao, Qin and Macherey, Klaus and others},
  journal={arXiv preprint arXiv:1609.08144},
  year={2016}
}

% Healthcare

@article{zheng2019use,
  title={The use of natural language processing to identify Tdap-related local reactions at five health care systems in the Vaccine Safety Datalink},
  author={Zheng, Chengyi and Yu, Wei and Xie, Fagen and Chen, Wansu and Mercado, Cheryl and Sy, Lina S and Qian, Lei and Glenn, Sungching and Lee, Gina and Tseng, Hung Fu and others},
  journal={International journal of medical informatics},
  volume={127},
  pages={27--34},
  year={2019},
  publisher={Elsevier}
}

% Finance

@article{lewis2019fad_or_future,
    author = {Craig Lewis and Steven Young},
    title = {Fad or future? Automated analysis of financial text and its implications for corporate reporting},
    journal = {Accounting and Business Research},
    volume = {49},
    number = {5},
    pages = {587-615},
    year  = {2019},
    publisher = {Routledge},
    doi = {10.1080/00014788.2019.1611730},
    URL = {
            https://doi.org/10.1080/00014788.2019.1611730
    },
    eprint = {
            https://doi.org/10.1080/00014788.2019.1611730
    }
}

% Personal messages

@inproceedings{chee2009measuring,
  title={Measuring population health using personal health messages},
  author={Chee, Brant and Berlin, Richard and Schatz, Bruce},
  booktitle={AMIA Annual Symposium Proceedings},
  volume={2009},
  pages={92},
  year={2009},
  organization={American Medical Informatics Association}
}

% Related work

%% Authorship obfuscation 

@article{li2018towards,
  title={Towards robust and privacy-preserving text representations},
  author={Li, Yitong and Baldwin, Timothy and Cohn, Trevor},
  journal={arXiv preprint arXiv:1805.06093},
  year={2018}
}


@article{fernandes2018author,
  title={Author obfuscation using generalised differential privacy},
  author={Fernandes, Natasha and Dras, Mark and McIver, Annabelle},
  journal={arXiv preprint arXiv:1805.08866},
  year={2018}
}


@inproceedings{fernandes2019generalised,
  title={Generalised differential privacy for text document processing},
  author={Fernandes, Natasha and Dras, Mark and McIver, Annabelle},
  booktitle={International Conference on Principles of Security and Trust},
  pages={123--148},
  year={2019},
  organization={Springer, Cham}
}

@inproceedings{pan2020privacy,
  title={Privacy risks of general-purpose language models},
  author={Pan, Xudong and Zhang, Mi and Ji, Shouling and Yang, Min},
  booktitle={2020 IEEE Symposium on Security and Privacy (SP)},
  pages={1314--1331},
  year={2020},
  organization={IEEE}
}

%% Private learning for deep neural networks

@article{mcmahan2017learning,
  title={Learning differentially private recurrent language models},
  author={McMahan, H Brendan and Ramage, Daniel and Talwar, Kunal and Zhang, Li},
  journal={arXiv preprint arXiv:1710.06963},
  year={2017}
}

@article{li2019dp,
  title={DP-LSTM: Differential privacy-inspired LSTM for stock prediction using financial news},
  author={Li, Xinyi and Li, Yinchuan and Yang, Hongyang and Yang, Liuqing and Liu, Xiao-Yang},
  journal={arXiv preprint arXiv:1912.10806},
  year={2019}
}

%% Text transformations

@article{adelani2020privacy,
  title={Privacy guarantees for de-identifying text transformations},
  author={Adelani, David Ifeoluwa and Davody, Ali and Kleinbauer, Thomas and Klakow, Dietrich},
  journal={arXiv preprint arXiv:2008.03101},
  year={2020}
}

%% cryptographically-secure NLP
@misc{badawi2019privft,
      title={PrivFT: Private and Fast Text Classification with Homomorphic Encryption}, 
      author={Ahmad Al Badawi and Luong Hoang and Chan Fook Mun and Kim Laine and Khin Mi Mi Aung},
      year={2019},
      eprint={1908.06972},
      archivePrefix={arXiv},
      primaryClass={cs.CR}
}

@ARTICLE{9099258,
  author={Q. {Feng} and D. {He} and Z. {Liu} and H. {Wang} and K. R. {Choo}},
  journal={IEEE Transactions on Information Forensics and Security}, 
  title={SecureNLP: A System for Multi-Party Privacy-Preserving Natural Language Processing}, 
  year={2020},
  volume={15},
  number={},
  pages={3709-3721},
  doi={10.1109/TIFS.2020.2997134}
}